@Misc{motor_control_umich_lecture,
author = {James Freudenberg},
title = {Lecture 6: Motor Control},
year = {},
howpublished = "\url{https://web.eecs.umich.edu/~jfr/embeddedctrls/files/Lecture6.pdf}",
}

